2337 3745
415 114 486 194 -4
820 122 821 125 ‘
882 73 1752 174 Avnzmmmms'

416 207 1024 332 nequeingenij
1044 213 1369 300 tarditas
1386 241 1668 298 rerum
1682 196 2208 296 admirabilia:

418 354 604 457 quae
641 336 1022 424 dicendae
1047 333 1194 458 ipfi
1235 369 1417 458 quae
1446 330 1911 423 efficiendae
1944 356 2212 432 erant,

421 462 821 550 notiones
840 491 1129 550 mente
1158 464 1945 583 producere‚neque
1978 454 2202 546 haefi-

417 590 677 678 tantia
703 585 1005 712 linguae
1044 591 1474 709 animique
1514 589 1865 675 tenuitas
1904 577 2211 674 efferre

418 728 865 837 pateretur?
899 719 1111 839 Q
1130 719 1495 836 denique
1523 714 1885 801 inaudita
1915 714 2205 799 omni-

416 839 573 930 bus
593 842 960 930 omnino
977 839 1288 946 seculiS,
1303 869 1609 963 patrata
1634 841 1858 928 tam'e‘
1888 836 1931 925 a
1947 843 2208 956 Moy-

419 962 501 1060 se
540 967 934 1059 miracula
974 1001 1337 1057 numero
1383 967 1739 1090 plurima
1764 1032 1788 1070 ‚
1829 970 2211 1054 nouitate

420 1099 826 1199 miranda,
844 1099 1423 1219 magnitudine
1441 1096 1863 1217 stupenda,
1881 1095 2059 1217 quis
2075 1095 2204 1179 in·

423 1257 677 1349 quam
696 1257 788 1312 ea
802 1220 952 1310 fibi
968 1254 1256 1344 praeter
1272 1227 1555 1309 Deum
1574 1225 1865 1310 audeat
1878 1252 2213 1343 arroga-

421 1363 542 1439 re?
612 1358 888 1474 Atque
927 1379 1021 1438 vt
1058 1355 1146 1437 in
1179 1345 1546 1437 eiusdem
1573 1350 1841 1472 gentis
1871 1340 2207 1433 historia

421 1512 564 1570 me
596 1481 1124 1581 contineam,
1156 1508 1532 1600 quonam
1564 1474 2045 1563 collineauit
2072 1472 2209 1564 illa:
2322 1559 2325 1560 f

420 1607 970 1732 prouidentiae
988 1607 1292 1692 diuinae
1317 1598 1800 1691 seueritasne
1829 1634 1935 1689 an
1967 1597 2210 1688 beni-

422 1737 723 1858 gnitas?
742 1763 941 1820 cum
959 1730 1514 1824 Philistaeamn
1524 1733 1898 1818 ationem
1913 1727 2212 1818 ritibus

421 1860 904 1984 profanam,
933 1858 1200 1947 feram
1228 1854 1646 1960 moribu8‚
1677 1859 1876 1945 odio
1908 1860 1994 1943 in
2025 1860 2207 1970 He·

420 1986 686 2079 braeos
704 2019 884 2073 non
903 1982 1333 2074 insatiabili
1350 1988 1630 2072 minus
1649 1980 1899 2105 quam
1929 1987 2206 2106 impio

419 2114 838 2204 imbutam
879 2115 1389 2235 triumphare
1431 2115 1520 2198 in
1558 2114 1912 2234 gigantis
1953 2115 2202 2199 Vnius

418 2241 726 2331 fiducia
752 2238 1158 2363 permifit5
1190 2272 1489 2327 verum
1517 2241 1627 2341 ita
1653 2241 2199 2361 triumphare,

419 2400 510 2459 vt
525 2370 831 2458 vastam
846 2365 1072 2454 illam
1092 2369 1470 2487 corporis
1491 2369 1885 2454 immanis
1902 2397 2200 2488 proce-

418 2501 744 2584 ritatem
762 2562 783 2598 ,
799 2496 1204 2583 turrimve
1238 2503 1539 2581 carnea
1550 2557 1574 2596 ‚
1589 2495 1923 2615 pasto-ris
1951 2496 2203 2580 Vnius

418 2626 811 2748 paruitate
864 2620 1417 2742 prosterneret
1451 2685 1474 2723 ‚
1515 2617 1780 2707 robur
1823 2622 2204 2708 vinceret
2331 2729 2337 2734 Ι

424 2747 991 2839 imbecillitate
1018 2813 1041 2850 ‚
1068 2742 1601 2869 tumidosque
1631 2748 1892 2834 animi
1920 2741 2199 2835 vesani

422 2874 739 3001 spiritus
767 2871 934 2999 ipsa
961 2869 1457 2962 demissione
1483 2878 1963 2963 retunderet
1988 2938 2011 2976 ‚
2040 2875 2197 2959 mi-

420 3032 718 3092 nueret
747 3069 771 3108 ‚
800 3005 1319 3127 extingueret
1342 3068 1365 3105 ‚
1399 2998 1789 3091 militares
1832 2997 2217 3122 denique

419 3162 856 3257 armorum
882 3160 1165 3224 motus
1191 3131 1503 3224 rusticae
1525 3131 1812 3224 fundae
1849 3124 2200 3255 verbere
